<record><leader>00000cas a2200000 i 4500</leader><controlfield tag="001">891992476</controlfield><controlfield tag="008">141002c20079999pauuu n      s0    0eng c</controlfield><datafield ind1=" " ind2=" " tag="010"><subfield code="a">  2014264109</subfield></datafield><datafield ind1=" " ind2=" " tag="040"><subfield code="a">UPM</subfield><subfield code="b">eng</subfield><subfield code="e">rda</subfield><subfield code="c">UPM</subfield><subfield code="d">OCLCF</subfield></datafield><datafield ind1=" " ind2=" " tag="042"><subfield code="a">pcc</subfield></datafield><datafield ind1=" " ind2=" " tag="043"><subfield code="a">n-us-pa</subfield></datafield><datafield ind1=" " ind2="4" tag="050"><subfield code="a">LH1.P46</subfield><subfield code="b">P43</subfield></datafield><datafield ind1="0" ind2="4" tag="245"><subfield code="a">The Phroth phollegian.</subfield></datafield><datafield ind1="3" ind2=" " tag="246"><subfield code="a">Phollegian</subfield></datafield><datafield ind1=" " ind2="1" tag="264"><subfield code="a">University Park, Pa. :</subfield><subfield code="b">Published satirically by students of Phroth</subfield></datafield><datafield ind1=" " ind2=" " tag="300"><subfield code="a">volumes :</subfield><subfield code="b">illustrations (some color) ;</subfield><subfield code="c">57 cm</subfield></datafield><datafield ind1=" " ind2=" " tag="336"><subfield code="a">text</subfield><subfield code="2">rdacontent</subfield></datafield><datafield ind1=" " ind2=" " tag="337"><subfield code="a">unmediated</subfield><subfield code="2">rdamedia</subfield></datafield><datafield ind1=" " ind2=" " tag="338"><subfield code="a">volume</subfield><subfield code="2">rdacarrier</subfield></datafield><datafield ind1="1" ind2=" " tag="362"><subfield code="a">Began with Vol. 4, no. 1 (October 31, 2007).</subfield></datafield><datafield ind1=" " ind2=" " tag="580"><subfield code="a">"Phroth, Penn State's humor magazine is an officially recognized student organization at the Pennsylvania State University."</subfield></datafield><datafield ind1=" " ind2=" " tag="588"><subfield code="a">Description based on: Vol. 4, no. 1 (Wednesday, October 31, 2007); title from masthead.</subfield></datafield><datafield ind1=" " ind2=" " tag="588"><subfield code="a">Latest issue consulted: Vol. 122, no. 134 (Monday, April 1, 2013).</subfield></datafield><datafield ind1="2" ind2="0" tag="610"><subfield code="a">Pennsylvania State University</subfield><subfield code="x">Students</subfield><subfield code="v">Newspapers.</subfield></datafield><datafield ind1=" " ind2="0" tag="650"><subfield code="a">College wit and humor</subfield><subfield code="v">Newspapers.</subfield></datafield><datafield ind1=" " ind2="0" tag="650"><subfield code="a">College students' writings, American</subfield><subfield code="z">Pennsylvania</subfield><subfield code="v">Newspapers.</subfield></datafield><datafield ind1=" " ind2="0" tag="655"><subfield code="a">Student newspapers and periodicals.</subfield></datafield><datafield ind1=" " ind2="7" tag="655"><subfield code="a">Newspapers.</subfield><subfield code="2">fast</subfield><subfield code="0">(OCoLC)fst01423814</subfield></datafield><datafield ind1="2" ind2="7" tag="610"><subfield code="a">Pennsylvania State University.</subfield><subfield code="2">fast</subfield><subfield code="0">(OCoLC)fst00536125</subfield></datafield><datafield ind1=" " ind2="7" tag="650"><subfield code="a">College students' writings, American.</subfield><subfield code="2">fast</subfield><subfield code="0">(OCoLC)fst00868081</subfield></datafield><datafield ind1=" " ind2="7" tag="650"><subfield code="a">College wit and humor.</subfield><subfield code="2">fast</subfield><subfield code="0">(OCoLC)fst00868253</subfield></datafield><datafield ind1=" " ind2="7" tag="650"><subfield code="a">Students.</subfield><subfield code="2">fast</subfield><subfield code="0">(OCoLC)fst01136041</subfield></datafield><datafield ind1=" " ind2="7" tag="651"><subfield code="a">Pennsylvania.</subfield><subfield code="2">fast</subfield><subfield code="0">(OCoLC)fst01204598</subfield></datafield><datafield ind1="2" ind2=" " tag="710"><subfield code="a">Pennsylvania State University.</subfield></datafield><datafield ind1=" " ind2=" " tag="752"><subfield code="a">United States.</subfield><subfield code="b">Pennsylvania.</subfield><subfield code="d">University Park.</subfield></datafield><datafield ind1="0" ind2="0" tag="780"><subfield code="i">Continued by (work):</subfield><subfield code="t">Phaily phollegian</subfield><subfield code="w">(DLC)  2014264107</subfield><subfield code="w">(OCoLC)891989680</subfield></datafield><datafield ind1="0" ind2=" " tag="787"><subfield code="t">Phroth</subfield><subfield code="w">(DLC)  2014264108</subfield><subfield code="w">(OCoLC)891991281)</subfield></datafield></record>